@inproceedings{ren2015faster,
    title={Faster r-cnn: Towards real-time object detection with region proposal networks},
    author={Ren, Shaoqing and He, Kaiming and Girshick, Ross and Sun, Jian},
    booktitle={Advances in neural information processing systems},
    pages={91--99},
    year={2015}
}
